<collection xmlns="http://www.loc.gov/MARC21/slim">
<record>
  <leader>02396nam0a2200349 i 450 </leader>
  <controlfield tag="001">IT\ICCU\CNCE\016859</controlfield>
  <controlfield tag="005">20130510000000.0</controlfield>
  <datafield tag="012" ind1=" " ind2=" ">
    <subfield code="a">iois e.e, a.a, CoNe (C) 1589 (R)</subfield>
    <subfield code="2">fei</subfield>
  </datafield>
  <datafield tag="100" ind1=" " ind2=" ">
    <subfield code="a">19970101d1589        0itac0103    ba</subfield>
  </datafield>
  <datafield tag="101" ind1=" " ind2=" ">
    <subfield code="a">ITA</subfield>
  </datafield>
  <datafield tag="102" ind1=" " ind2=" ">
    <subfield code="a">IT</subfield>
  </datafield>
  <datafield tag="200" ind1="1" ind2=" ">
    <subfield code="a">Descrittione del sacro monte di Varale di Val&apos; di Sesia. Composta per m. Francesco Sesalli cittadino nouarese. Doue, come in vna nuoua Gierusalemme,  ̈il sepolcro simile a quello di n.s. Giesu Christo, con infiniti luoghi pij, ad imitatione di quelli di Terra Santa, con statue e pitture merauigliose. Et doue in ogni chiesa che si visita  ̈concesso ad ogn&apos;uno cento giorni d&apos;indulgenza ogni di per tutto l&apos;anno, facendo pero ciascuno oratione ad ogn&apos;una di quelle secondo la sua deuotione. Con un sommario ancora di quello, che se li ha da fare</subfield>
  </datafield>
  <datafield tag="210" ind1=" " ind2=" ">
    <subfield code="a">In Nouara</subfield>
    <subfield code="c">appresso gl&apos;heredi di Francesco Sesalli</subfield>
    <subfield code="d">1589</subfield>
  </datafield>
  <datafield tag="215" ind1=" " ind2=" ">
    <subfield code="a">\14! c.</subfield>
    <subfield code="c">ill.</subfield>
    <subfield code="d"> 4ʻ</subfield>
  </datafield>
  <datafield tag="300" ind1=" " ind2=" ">
    <subfield code="a">Opera attribuita sia a Francesco Sesalli e ad Antonio Francesco Raineri sia a Francesco Caccia. Cfr.: G. Melzi, Dizionario di opere anonime e pseudonime di scrittori italiani, v. 1, p. 284 e M. Bersano, Le cinquecentine piemontesi, n.1197</subfield>
  </datafield>
  <datafield tag="620" ind1=" " ind2=" ">
    <subfield code="a">IT</subfield>
    <subfield code="d">Novara</subfield>
  </datafield>
  <datafield tag="702" ind1=" " ind2="1">
    <subfield code="a">Caccia,</subfield>
    <subfield code="b">Francesco</subfield>
    <subfield code="3">IT\ICCU\CNCA\002313</subfield>
  </datafield>
  <datafield tag="702" ind1=" " ind2="1">
    <subfield code="a">Raineri,</subfield>
    <subfield code="b">Antonio Francesco</subfield>
    <subfield code="3">IT\ICCU\CNCA\008155</subfield>
  </datafield>
  <datafield tag="702" ind1=" " ind2="1">
    <subfield code="a">Sesalli,</subfield>
    <subfield code="b">Francesco</subfield>
    <subfield code="3">IT\ICCU\CNCA\016571</subfield>
  </datafield>
  <datafield tag="712" ind1="0" ind2="0">
    <subfield code="a">Sesalli, Francesco - eredi</subfield>
    <subfield code="3">IT\ICCU\CNCT\000934</subfield>
    <subfield code="4">650</subfield>
  </datafield>
  <datafield tag="790" ind1=" " ind2="1">
    <subfield code="a">Catius,</subfield>
    <subfield code="b">Franciscus</subfield>
    <subfield code="3">IT\ICCU\CNCA\002314</subfield>
    <subfield code="z">Caccia, Francesco</subfield>
  </datafield>
  <datafield tag="790" ind1=" " ind2="1">
    <subfield code="a">Cazza,</subfield>
    <subfield code="b">Francesco</subfield>
    <subfield code="3">IT\ICCU\CNCA\020805</subfield>
    <subfield code="z">Caccia, Francesco</subfield>
  </datafield>
  <datafield tag="790" ind1=" " ind2="1">
    <subfield code="a">Caccia,</subfield>
    <subfield code="b">Iohannes Franciscus</subfield>
    <subfield code="3">IT\ICCU\CNCA\020806</subfield>
    <subfield code="z">Caccia, Francesco</subfield>
  </datafield>
  <datafield tag="790" ind1=" " ind2="1">
    <subfield code="a">Rainerio,</subfield>
    <subfield code="b">Antonio Francesco</subfield>
    <subfield code="3">IT\ICCU\CNCA\016074</subfield>
    <subfield code="z">Raineri, Antonio Francesco</subfield>
  </datafield>
  <datafield tag="790" ind1=" " ind2="1">
    <subfield code="a">Raynerius,</subfield>
    <subfield code="b">Antonius Franciscus</subfield>
    <subfield code="3">IT\ICCU\CNCA\018705</subfield>
    <subfield code="z">Raineri, Antonio Francesco</subfield>
  </datafield>
  <datafield tag="790" ind1=" " ind2="1">
    <subfield code="a">Rainerius,</subfield>
    <subfield code="b">Antonius Franciscus</subfield>
    <subfield code="3">IT\ICCU\CNCA\022686</subfield>
    <subfield code="z">Raineri, Antonio Francesco</subfield>
  </datafield>
  <datafield tag="790" ind1=" " ind2="1">
    <subfield code="a">Rainieri,</subfield>
    <subfield code="b">Antonio Francesco</subfield>
    <subfield code="3">IT\ICCU\CNCA\023841</subfield>
    <subfield code="z">Raineri, Antonio Francesco</subfield>
  </datafield>
  <datafield tag="790" ind1=" " ind2="1">
    <subfield code="a">Sesallo,</subfield>
    <subfield code="b">Francesco</subfield>
    <subfield code="3">IT\ICCU\CNCA\023422</subfield>
    <subfield code="z">Sesalli, Francesco</subfield>
  </datafield>
  <datafield tag="790" ind1=" " ind2="1">
    <subfield code="a">Sessalli,</subfield>
    <subfield code="b">Francesco</subfield>
    <subfield code="3">IT\ICCU\CNCA\023423</subfield>
    <subfield code="z">Sesalli, Francesco</subfield>
  </datafield>
  <datafield tag="801" ind1=" " ind2="3">
    <subfield code="a">IT</subfield>
    <subfield code="b">ICCU</subfield>
    <subfield code="c">20201114</subfield>
  </datafield>
  <datafield tag="899" ind1=" " ind2=" ">
    <subfield code="a">Biblioteca nazionale Braidense. Milano</subfield>
    <subfield code="1">MI0185</subfield>
    <subfield code="2">MIL NB</subfield>
  </datafield>
  <datafield tag="899" ind1=" " ind2=" ">
    <subfield code="a">Biblioteca della collegiata S. Pietro Apostolo. Broni</subfield>
    <subfield code="1">PV0012</subfield>
    <subfield code="2">ZPV 05</subfield>
  </datafield>
</record>
</collection>
